<record><leader>00000cas a22000007a 4500</leader><controlfield tag="001">30682413</controlfield><controlfield tag="008">940628d19821986ncuwr ne      0    0eng d</controlfield><datafield ind1=" " ind2=" " tag="010"><subfield code="a">sn 94058224 </subfield></datafield><datafield ind1=" " ind2=" " tag="040"><subfield code="a">NVJ</subfield><subfield code="b">eng</subfield><subfield code="c">NVJ</subfield><subfield code="d">OCLCQ</subfield></datafield><datafield ind1=" " ind2=" " tag="042"><subfield code="a">msc</subfield></datafield><datafield ind1="0" ind2=" " tag="130"><subfield code="a">Randolph reporter (Randleman, N.C.)</subfield></datafield><datafield ind1="1" ind2="4" tag="245"><subfield code="a">The Randolph reporter.</subfield></datafield><datafield ind1=" " ind2=" " tag="260"><subfield code="a">Randleman, N.C. :</subfield><subfield code="b">Tom Boney</subfield></datafield><datafield ind1=" " ind2=" " tag="300"><subfield code="a">v.</subfield></datafield><datafield ind1=" " ind2=" " tag="310"><subfield code="a">Weekly</subfield></datafield><datafield ind1="0" ind2=" " tag="362"><subfield code="a">Vol. 1, no. 1 (Sept. 29, 1982)-v. 5, no. 13 (Mar. 26, 1986).</subfield></datafield><datafield ind1=" " ind2=" " tag="752"><subfield code="a">United States</subfield><subfield code="b">North Carolina</subfield><subfield code="c">Randolph</subfield><subfield code="d">Randleman.</subfield></datafield><datafield ind1="0" ind2="0" tag="785"><subfield code="t">Randleman reporter</subfield><subfield code="w">(DLC)sn 94002332</subfield></datafield></record>